
@article{Ext4HowtoWiki,
title = "Ext4 Howto --- Ext4",
year = {2019},
month = {Feb},
note = {\url{https://ext4.wiki.kernel.org/index.php/Ext4_Howto} (Accessed May 16, 2022)}
}

@article{wiki:file_system,
author = "{Wikipedia contributors}",
title = "File system  --- {W}ikipedia{,} The Free Encyclopedia",
note = "Online. [\url{https://en.wikipedia.org/wiki/File_system}; (Accessed May 14, 2022)]"
}

@article{wiki:Ext4,
author = "{Wikipedia contributors}",
title = "ext4  --- {W}ikipedia{,} The Free Encyclopedia",
note={Online. [\url{https://en.wikipedia.org/wiki/Ext4} (Accessed May 14, 2022)]},
}


@article{wiki:Journaling_file_system,
author = "{Wikipedia contributors}",
title = "Journaling file system  --- {W}ikipedia{,} The Free Encyclopedia",
note={Online. [\url{https://en.wikipedia.org/wiki/Journaling_file_system} (Accessed May 16, 2022)]},
}

@misc{KernalDoc:Ext2,
title = {The Second Extended Filesystem},
author = { The kernel development community.},
note = {Online. [\url{https://www.kernel.org/doc/html/latest/filesystems/ext2.html} (Accessed May 16, 2022)]},  
}

@article {opensource:intro_to_ext4fs,
author = {David Both},
title = {An introduction to Linux's EXT4 filesystem},
year = {2017},
month = {May},
note = {Online. [\url{https://opensource.com/article/17/5/introduction-ext4-filesystem?sc_cid=7016000000127ECAAY} (Accessed May 16, 2022)]},
}